@article{Beal2003Cohesion,
  title={Cohesion and performance in groups: a meta-analytic clarification of construct relations.},
  author={Beal, Daniel J and Cohen, Robin R and Burke, Michael J and McLendon, Christy L},
  journal={Journal of Applied Psychology},
  volume={88},
  number={6},
  pages={989},
  year={2003},
  publisher={American Psychological Association}
}

@book{BeckExtremeProgramming2000,
  title={Extreme Programming Explained: Embrace Change},
  author = {Beck, Kent},
  publisher={Addison-Wesley Professional},
  year={2000}
}

@book{BeckExtremeProgramming2004,
  title={Extreme Programming Explained: Embrace Change (2nd Edition)},
  author = {Beck, Kent and Andres, Cynthia},
  publisher={Addison-Wesley Professional},
  year={2004}
}

@inproceedings{BirdDontTouchMyCodeLong,
 author = {Bird, Christian and Nagappan, Nachiappan and Murphy, Brendan and Gall, Harald and Devanbu, Premkumar},
 title = {Don'T Touch My Code!: Examining the Effects of Ownership on Software Quality},
 booktitle = {Proceedings of the 19th ACM SIGSOFT Symposium and the 13th European Conference on Foundations of Software Engineering},
 year = {2011},
 isbn = {978-1-4503-0443-6},
 location = {Szeged, Hungary},
 numpages = {11},
 url = {http://doi.acm.org/10.1145/2025113.2025119},
 doi = {10.1145/2025113.2025119},
 acmid = {2025119},
 publisher = {ACM},
} 

@inproceedings{BirdDontTouchMyCode,
 author = {Bird, Christian and Nagappan, Nachiappan and Murphy, Brendan and Gall, Harald and Devanbu, Premkumar},
 title = {Don'T Touch My Code!: Examining the Effects of Ownership on Software Quality},
 booktitle = {Proceedings of the 19th ACM SIGSOFT Symposium and the 13th European Conference on Foundations of Software Engineering},
 year = {2011},
 isbn = {978-1-4503-0443-6},
 location = {Szeged, Hungary},
 numpages = {11},
 acmid = {2025119},
 publisher = {ACM},
} 

@article{Bollen1990Perceived,
  title={Perceived cohesion: A conceptual and empirical examination},
  author={Bollen, Kenneth A and Hoyle, Rick H},
  journal={Social forces},
  volume={69},
  number={2},
  pages={479--504},
  year={1990},
  publisher={Oxford University Press}
}

@book{CharmazLong,
  title={Constructing Grounded Theory},
  author={Charmaz, K.},
  isbn={9781446293492},
  series={Introducing Qualitative Methods series},
  url={https://books.google.com/books?id=y0ooAwAAQBAJ},
  year={2014},
  publisher={SAGE Publications}
}

@book{Charmaz,
  title={Constructing Grounded Theory},
  author={Charmaz, K.},
  isbn={9781446293492},
  year={2014},
  publisher={SAGE Publications}
}


@book{Dirks1996,
  title={Psychological ownership in organizations: Conditions under which individuals promote and resist change},
  author={Dirks, Kurt T and Cummings, Larry L and Pierce, Jon L},
  year={1996}
}

@online{FowlerCodeOwnership,
  author = {Fowler, Martin},
  title = {Code Ownership},
  year = 2006,
  url = {http://martinfowler.com/bliki/CodeOwnership.html},
  urldate = {2016-02-14}
}

@article{Formanek1994Long,
  title={Why they collect: Collectors reveal their motivations},
  author={Formanek, Ruth},
  journal={Interpreting Objects and Collections},
  pages={327--335},
  year={1994},
  publisher={Psychology Press}
}

@article{Formanek1994,
  title={Why they collect: Collectors reveal their motivations},
  author={Formanek, Ruth},
  journal={Interpreting objects and collections},
  year={1994},
  publisher={Psychology Press}
}

@book{GlaserIssues,
  title={Doing Grounded Theory: Issues and Discussions},
  author={Glaser, Barney G},
  year={1998},
  publisher={Sociology Press}
}

@book{GlaserTheoreticalSensitivityLong,
  title={Theoretical Sensitivity: Advances in the Methodology of Grounded Theory},
  author={Glaser, B.G.},
  lccn={lc78113442},
  url={https://books.google.com/books?id=73-2AAAAIAAJ},
  year={1978},
  publisher={Sociology Press}
}

@book{GlaserTheoreticalSensitivity,
  title={Theoretical Sensitivity: Advances in the Methodology of Grounded Theory},
  author={Glaser, B.G.},
  year={1978},
  publisher={Sociology Press}
}

@article{Isaacs1933Long,
  title={Social development in young children},
  author={Isaacs, Susan},
  journal={British Journal of Educational Psychology},
  volume={3},
  number={3},
  pages={291--294},
  year={1933},
  publisher={Wiley Online Library}
}

@article{Isaacs1933,
  title={Social development in young children},
  author={Isaacs, Susan},
  journal={British Journal of Educational Psychology},
  year={1933},
  publisher={Wiley Online Library}
}

@book{James1890,
  title={The Principles of Psychology},
  author={James, William},
  year={1980},
  publisher={Holt}
}

@book{Meier2009,
  title={Microsoft Application Architecture Guide},
  author={Meier, JD and Hill, David and Homer, A and Jason, Taylor and Bansode, P and Wall, L and Boucher Jr, R and Bogawat, A},
  year={2009},
  publisher={Microsoft Press Book}
}

@ARTICLE{MurphyIEEESoftware, 
  author={Murphy, Brendan}, 
  journal={Software, IEEE}, 
  title={Code Ownership-More Complex to Understand than Research Implies},
  year={2015}, 
  volume={32}, 
  number={6}, 
  pages={19}, 
  ISSN={0740-7459}, 
  month={Nov},
}


@article{Pierce2001,
  title={Toward a theory of psychological ownership in organizations},
  author={Pierce, Jon L and Kostova, Tatiana and Dirks, Kurt T},
  journal={Academy of Management Review},
  volume={26},
  number={2},
  pages={298--310},
  year={2001},
  publisher={Academy of Management}
}

@inproceedings{StolGTinSE,
   author = {Stol, Klaas-Jan and Ralph, Paul and Fitzgerald, Brian},
   title = {Grounded Theory in Software Engineering Research: A Critical Review and Guideline},
   booktitle = {Proceedings of the 2016 International Conference on Software Engineering},
   series = {ICSE '16},
   year = {2016},
   location = {Austin, Texas, USA},
}

@article{SustainableSoftwareDevelopment,
  title={Sustainable Software Development through Overlapping Pair Rotation},
  author={Sedano, Todd, and Ralph, Paul and P\'eraire, CÃ©cile},
  journal={Paper submitted for publication},
  year={2016},
}

@incollection{Whitworth2007MotivationLong,
  title={Motivation and cohesion in agile teams},
  author={Whitworth, Elizabeth and Biddle, Robert},
  booktitle={Agile processes in software engineering and extreme programming},
  pages={62--69},
  year={2007},
  publisher={Springer}
}

@incollection{Whitworth2007Motivation,
  title={Motivation and cohesion in agile teams},
  author={Whitworth, Elizabeth and Biddle, Robert},
  booktitle={Agile Processes in Software Engineering and Extreme Programming},
  year={2007},
  publisher={Springer}
}
















































